<?xml version="1.0" encoding="UTF-8"?><collection xmlns="http://www.loc.gov/MARC21/slim"><record><leader>00436nam--2200133-i-4500</leader><controlfield tag="001">000036566</controlfield><controlfield tag="002">20161230</controlfield><controlfield tag="005">20170122231529</controlfield><controlfield tag="008">060222s1000------------r-----000-0-eng-d</controlfield><datafield ind1=" " ind2=" " tag="080"><subfield code="a">23594</subfield></datafield><datafield ind1=" " ind2=" " tag="245"><subfield code="a">5-eme plan de developpement economique et social. La recherche scientifique et technique</subfield></datafield><datafield ind1=" " ind2=" " tag="260"><subfield code="a">Paris</subfield><subfield code="b">Commissariat General Du Plan D`Equipement Et De La Productivite</subfield><subfield code="c">1966</subfield></datafield><datafield ind1=" " ind2=" " tag="300"><subfield code="a">420 p.+ 1 Pl</subfield></datafield><datafield ind1=" " ind2=" " tag="CAT"><subfield code="a">SYS</subfield><subfield code="c">20170122</subfield><subfield code="h">231529</subfield></datafield></record></collection>